@article{sze2017efficient,
	title={Efficient processing of deep neural networks: A tutorial and survey},
	author={Sze, Vivienne and Chen, Yu-Hsin and Yang, Tien-Ju and Emer, Joel},
	journal={arXiv preprint arXiv:1703.09039},
	year={2017}
}

@inproceedings{du2015shidiannao,
	title={ShiDianNao: Shifting vision processing closer to the sensor},
	author={Du, Zidong and Fasthuber, Robert and Chen, Tianshi and Ienne, Paolo and Li, Ling and Luo, Tao and Feng, Xiaobing and Chen, Yunji and Temam, Olivier},
	booktitle={ACM SIGARCH Computer Architecture News},
	volume={43},
	number={3},
	pages={92--104},
	year={2015},
	organization={ACM}
}

@inproceedings{neoflow,
	title={A 240 g-ops/s mobile coprocessor for deep neural networks},
	author={Gokhale, Vinayak and Jin, Jonghoon and Dundar, Aysegul and Martini, Berin and Culurciello, Eugenio},
	booktitle={Proceedings of the IEEE Conference on Computer Vision and Pattern Recognition Workshops},
	pages={682--687},
	year={2014}
}

@inproceedings{diannao,
	title={Diannao: A small-footprint high-throughput accelerator for ubiquitous machine-learning},
	author={Chen, Tianshi and Du, Zidong and Sun, Ninghui and Wang, Jia and Wu, Chengyong and Chen, Yunji and Temam, Olivier},
	booktitle={ACM Sigplan Notices},
	volume={49},
	number={4},
	pages={269--284},
	year={2014},
	organization={ACM}
}

@inproceedings{dadiannao,
	title={Dadiannao: A machine-learning supercomputer},
	author={Chen, Yunji and Luo, Tao and Liu, Shaoli and Zhang, Shijin and He, Liqiang and Wang, Jia and Li, Ling and Chen, Tianshi and Xu, Zhiwei and Sun, Ninghui and others},
	booktitle={Proceedings of the 47th Annual IEEE/ACM International Symposium on Microarchitecture},
	pages={609--622},
	year={2014},
	organization={IEEE Computer Society}
}

@inproceedings{eyeriss,
	title={Eyeriss: A spatial architecture for energy-efficient dataflow for convolutional neural networks},
	author={Chen, Yu-Hsin and Emer, Joel and Sze, Vivienne},
	booktitle={Computer Architecture (ISCA), 2016 ACM/IEEE 43rd Annual International Symposium on},
	pages={367--379},
	year={2016},
	organization={IEEE}
}

@inproceedings{flexflow,
	title={FlexFlow: A Flexible Dataflow Accelerator Architecture for Convolutional Neural Networks},
	author={Lu, Wenyan and Yan, Guihai and Li, Jiajun and Gong, Shijun and Han, Yinhe and Li, Xiaowei},
	booktitle={High Performance Computer Architecture (HPCA), 2017 IEEE International Symposium on},
	pages={553--564},
	year={2017},
	organization={IEEE}
}

@inproceedings{c-brain,
	title={C-Brain: A deep learning accelerator that tames the diversity of CNNs through adaptive data-level parallelization},
	author={Song, Lili and Wang, Ying and Han, Yinhe and Zhao, Xin and Liu, Bosheng and Li, Xiaowei},
	booktitle={Design Automation Conference (DAC), 2016 53nd ACM/EDAC/IEEE},
	pages={1--6},
	year={2016},
	organization={IEEE}
}

@inproceedings{envision,
	title={Envision: A 0.26-to-10 TOPS/W Subword-Parallel Dynamic-Voltage-Accuracy-Frequency-Scalable Convolutional Neural Network Processor in 28nm FDSOI},
	author={Moons, Bert and Uytterhoeven, Roel and Dehaene, Wim and Verhelst, Marian},
	booktitle={IEEE International Solid-State Circuits Conference (ISSCC)},
	pages={246--257},
	year={2017}
}

@inproceedings{stripes,
	title={Stripes: Bit-serial deep neural network computing},
	author={Judd, Patrick and Albericio, Jorge and Hetherington, Tayler and Aamodt, Tor M and Moshovos, Andreas},
	booktitle={Microarchitecture (MICRO), 2016 49th Annual IEEE/ACM International Symposium on},
	pages={1--12},
	year={2016},
	organization={IEEE}
}

@inproceedings{finn,
	title={Finn: A framework for fast, scalable binarized neural network inference},
	author={Umuroglu, Yaman and Fraser, Nicholas J and Gambardella, Giulio and Blott, Michaela and Leong, Philip and Jahre, Magnus and Vissers, Kees},
	booktitle={Proceedings of the 2017 ACM/SIGDA International Symposium on Field-Programmable Gate Arrays},
	pages={65--74},
	year={2017},
	organization={ACM}
}
@inproceedings{shift,
	title={Hardware-software codesign of accurate, multiplier-free Deep Neural Networks},
	author={Tann, Hokchhay and Hashemi, Soheil and Bahar, R Iris and Reda, Sherief},
	booktitle={Design Automation Conference (DAC), 2017 54th ACM/EDAC/IEEE},
	pages={1--6},
	year={2017},
	organization={IEEE}
}

@inproceedings{proteus,
	title={Proteus: Exploiting numerical precision variability in deep neural networks},
	author={Judd, Patrick and Albericio, Jorge and Hetherington, Tayler and Aamodt, Tor M and Jerger, Natalie Enright and Moshovos, Andreas},
	booktitle={Proceedings of the 2016 International Conference on Supercomputing},
	pages={23},
	year={2016},
	organization={ACM}
}